@article{townes2019feature,
  title={Feature selection and dimension reduction for single-cell RNA-Seq based on a multinomial model},
  author={Townes, F William and Hicks, Stephanie C and Aryee, Martin J and Irizarry, Rafael A},
  journal={Genome biology},
  volume={20},
  number={1},
  pages={1--16},
  year={2019},
  publisher={Springer}
}


@article{sun2019fast,
  title={A fast and efficient count-based matrix factorization method for detecting cell types from single-cell RNAseq data},
  author={Sun, Shiquan and Chen, Yabo and Liu, Yang and Shang, Xuequn},
  journal={BMC systems biology},
  volume={13},
  number={2},
  pages={1--8},
  year={2019},
  publisher={BioMed Central}
}


@article{lun2016pooling,
  title={Pooling across cells to normalize single-cell RNA sequencing data with many zero counts},
  author={Lun, Aaron TL and Bach, Karsten and Marioni, John C},
  journal={Genome biology},
  volume={17},
  number={1},
  pages={75},
  year={2016},
  publisher={Springer}
}


@article{bullard2010evaluation,
  title={Evaluation of statistical methods for normalization and differential expression in mRNA-Seq experiments},
  author={Bullard, James H and Purdom, Elizabeth and Hansen, Kasper D and Dudoit, Sandrine},
  journal={BMC bioinformatics},
  volume={11},
  number={1},
  pages={1--13},
  year={2010},
  publisher={BioMed Central}
}


@article{gerard2020empirical,
  title={Empirical Bayes shrinkage and false discovery rate estimation, allowing for unwanted variation},
  author={Gerard, David and Stephens, Matthew},
  journal={Biostatistics},
  volume={21},
  number={1},
  pages={15--32},
  year={2020},
  publisher={Oxford University Press}
}


@article{blischak2015mycobacterial,
  title={Mycobacterial infection induces a specific human innate immune response},
  author={Blischak, John D and Tailleux, Ludovic and Mitrano, Amy and Barreiro, Luis B and Gilad, Yoav},
  journal={Scientific reports},
  volume={5},
  number={1},
  pages={1--16},
  year={2015},
  publisher={Nature Publishing Group}
}